% Encoding: UTF-8

@Online{Sha99,
  author = {Chandra Shah and Gerald Burke},
  editor = {Kluwer Academic Publishers},
  title  = {An undergraduate student flow model: Australian higher education},
  year   = {1999},
  url    = {https://s3.amazonaws.com/academia.edu.documents/46873010/a_3A100376522225020160628-24881-76g4vs.pdf?AWSAccessKeyId=AKIAIWOWYYGZ2Y53UL3A&Expires=1559310657&Signature=VmZdxJEzPWnXXBX3UJXI15NVkjo%3D&response-content-disposition=inline%3B%20filename%3DAn_undergraduate_student_flow_model_Aust.pdf},
}

@Unpublished{Kaw05,
  author = {Yohei Kawaguchi and Tetsuo Shoji and Weijane Lin and Koh Kakusho and Michihiko Minoh},
  title  = {Face Recognition-based Lecture Attendance System},
  year   = {2005},
  url    = {http://citeseerx.ist.psu.edu/viewdoc/download?doi=10.1.1.560.7003&rep=rep1&type=pdf},
}

@Article{Kotevski2018,
  author    = {Zoran Kotevski and Natasa Blazheska-Tabakovska and Andrijana Bocevska and Tome Dimovski},
  title     = {On the Technologies and Systems for Student Attendance Tracking},
  journal   = {International Journal of Information Technology and Computer Science},
  year      = {2018},
  volume    = {10},
  number    = {10},
  month     = {oct},
  pages     = {44--52},
  doi       = {10.5815/ijitcs.2018.10.06},
  publisher = {{MECS} Publisher},
}

@Online{Pat14,
  author = {Mr. C. S. Patil and Mr. R. R. Karhe and Mr. M. D. Jain},
  editor = {International Journal of Research in Advent Technology},
  title  = {Student Attendance Recording System Using Face Recognition with GSM Based},
  year   = {2014},
  url    = {http://citeseerx.ist.psu.edu/viewdoc/download?doi=10.1.1.640.4151&rep=rep1&type=pdf},
}

@Online{Sid16,
  author = {Muhammad Zulqarnain Siddiqui and Prof. Dr. P. Sellappan},
  editor = {International Journal of Scientific \& Engineering Research},
  title  = {Effective Mechanism for Advancement of monitoring Process of Educational Sectors of Underdeveloped Countries â€“ A Study Based on Educational Sector of Pakistan},
  year   = {2016},
  url    = {https://www.researchgate.net/profile/Muhammad_Siddiqui65/publication/315689570_Effective_Mechanism_for_Advancement_of_Monitoring_Process_of_Educational_Sectors_of_Underdeveloped_Countries_-_A_Study_Based_on_Educational_Sector_of_Pakistan/links/58dbabc392851c611d0091f1/Effective-Mechanism-for-Advancement-of-Monitoring-Process-of-Educational-Sectors-of-Underdeveloped-Countries-A-Study-Based-on-Educational-Sector-of-Pakistan.pdf},
}

@Article{Blerkom1992,
  author    = {Malcolm L. Van Blerkom},
  title     = {Class Attendance in Undergraduate Courses},
  journal   = {The Journal of Psychology},
  year      = {1992},
  volume    = {126},
  number    = {5},
  month     = {sep},
  pages     = {487--494},
  doi       = {10.1080/00223980.1992.10543382},
  publisher = {Informa {UK} Limited},
}

@Article{Fjortoft2005,
  author    = {Nancy Fjortoft},
  title     = {Students{\textquotesingle} Motivations for Class Attendance},
  journal   = {American Journal of Pharmaceutical Education},
  year      = {2005},
  volume    = {69},
  number    = {1},
  month     = {sep},
  pages     = {15},
  doi       = {10.5688/aj690115},
  publisher = {American Journal of Pharmaceutical Education},
}

@Online{Ola19,
  author = {N. K Oladejo*, A. Abolarinwa, S.O Salawu, M.O Bamiro and A.F Lukman},
  editor = {International Journal of Mechanical Engineering and Technology},
  title  = {Application of optimization principles in classroom allocation using linear programming},
  year   = {2019},
  url    = {http://eprints.lmu.edu.ng/2145/},
}

@Book{Datta2015,
  author    = {Datta, Asit Kumar and Datta, Madhura and Banerjee, Pradipta Kumar},
  title     = {Face Detection and Recognition},
  year      = {2015},
  date      = {2015-10-28},
  publisher = {Taylor \& Francis},
  pagetotal = {352},
  url       = {https://www.ebook.de/de/product/25204083/asit_kumar_datta_madhura_datta_pradipta_kumar_banerjee_face_detection_and_recognition.html},
  ean       = {9781482226577},
}

@Article{Wang2014,
  author    = {Yi-Qing Wang},
  title     = {An Analysis of the Viola-Jones Face Detection Algorithm},
  journal   = {Image Processing On Line},
  year      = {2014},
  volume    = {4},
  month     = {jun},
  pages     = {128--148},
  doi       = {10.5201/ipol.2014.104},
  publisher = {Image Processing On Line},
}

@Article{Viola2004,
  author    = {Paul Viola and Michael J. Jones},
  title     = {Robust Real-Time Face Detection},
  journal   = {International Journal of Computer Vision},
  year      = {2004},
  volume    = {57},
  number    = {2},
  month     = {may},
  pages     = {137--154},
  doi       = {10.1023/b:visi.0000013087.49260.fb},
  publisher = {Springer Nature},
}

@InCollection{Schapire2013,
  author    = {Robert E. Schapire},
  title     = {Explaining {AdaBoost}},
  booktitle = {Empirical Inference},
  year      = {2013},
  publisher = {Springer Berlin Heidelberg},
  pages     = {37--52},
  doi       = {10.1007/978-3-642-41136-6_5},
}

@Comment{jabref-meta: databaseType:biblatex;}
